<?xml version="1.0" encoding="UTF-8"?><collection xmlns="http://www.loc.gov/MARC21/slim"><record><leader>00483nam--2200169-i-4500</leader><controlfield tag="001">000002450</controlfield><controlfield tag="002">20161230</controlfield><controlfield tag="005">20161230201025</controlfield><controlfield tag="008">060222s1000------------r-----000-0-eng-d</controlfield><datafield ind1=" " ind2=" " tag="040"><subfield code="a">IFIN-HH</subfield></datafield><datafield ind1=" " ind2="1" tag="100"><subfield code="a">Finney, D. J</subfield></datafield><datafield ind1="1" ind2="0" tag="245"><subfield code="a">Experimental design and its statistical basis</subfield><subfield code="c">D.j. finney</subfield></datafield><datafield ind1=" " ind2=" " tag="260"><subfield code="a">London, Cambridge Univ. Press, 1955</subfield></datafield><datafield ind1=" " ind2=" " tag="300"><subfield code="a">XI + 169 P</subfield></datafield><datafield ind1=" " ind2=" " tag="490"><subfield code="a">The Scientis T Library-biology And Medecine</subfield></datafield><datafield ind1=" " ind2=" " tag="852"><subfield code="a">12743</subfield><subfield code="c">519.2</subfield></datafield><datafield ind1=" " ind2=" " tag="CAT"><subfield code="a">Sys</subfield><subfield code="c">20100517</subfield><subfield code="h">123300</subfield></datafield></record></collection>